<collection xmlns="http://www.loc.gov/MARC21/slim"><record><leader>00839nam  2200229   450</leader><controlfield tag="001">445</controlfield><controlfield tag="003">http://montalegre.opacnet.com/OPAC/default.aspx?ContentAreaControl=ShowRegHoldings.ascx&amp;RegNo=16662</controlfield><datafield tag="100" ind1=" " ind2=" "><subfield code="a">19770801d1977    m  y0pora010305  ba</subfield></datafield><datafield tag="101" ind1="1" ind2=" "><subfield code="a">por</subfield><subfield code="c">fre</subfield></datafield><datafield tag="102" ind1=" " ind2=" "><subfield code="a">PT</subfield></datafield><datafield tag="200" ind1="1" ind2=" "><subfield code="a">&lt;Os &gt;miseráveis</subfield><subfield code="f">Victor Hugo</subfield><subfield code="g">trad. rev. por L. Pereira Gil</subfield></datafield><datafield tag="210" ind1=" " ind2=" "><subfield code="a">Lisboa</subfield><subfield code="c">Amigos do Livro</subfield><subfield code="d">[D.L. 1977]-</subfield></datafield><datafield tag="215" ind1=" " ind2=" "><subfield code="a">v</subfield><subfield code="d">19 cm</subfield></datafield><datafield tag="225" ind1="2" ind2=" "><subfield code="a">Grandes romances para a juventude</subfield></datafield><datafield tag="305" ind1=" " ind2=" "><subfield code="a">Tít. orig. : Les misérables</subfield></datafield><datafield tag="327" ind1="0" ind2=" "><subfield code="a">1º v.: 285, [3] p. : il. ;</subfield><subfield code="a">2º v.: [D.L. 1977]. - 303, [9] p. : il. ;</subfield><subfield code="a">3º v.: 305, [6] p. : il.</subfield></datafield><datafield tag="675" ind1=" " ind2=" "><subfield code="a">821</subfield><subfield code="v">BN</subfield><subfield code="z">por</subfield></datafield><datafield tag="700" ind1=" " ind2="1"><subfield code="a">Hugo</subfield><subfield code="b">Victor</subfield><subfield code="f">1802-1885</subfield></datafield><datafield tag="702" ind1=" " ind2="1"><subfield code="a">Gil</subfield><subfield code="b">L. Pereira</subfield><subfield code="4">730</subfield></datafield><datafield tag="801" ind1=" " ind2="0"><subfield code="a">PT</subfield><subfield code="b">Biblioteca Municipal de Montalegre</subfield><subfield code="g">RPC</subfield></datafield><datafield tag="909" ind1="&#9;" ind2=" "><subfield code="a">3</subfield></datafield><datafield tag="966" ind1=" " ind2=" "><subfield code="a">0012760</subfield><subfield code="l">BMM</subfield><subfield code="s">SCG 821 HUG mis 1</subfield></datafield><datafield tag="966" ind1=" " ind2=" "><subfield code="a">0012657</subfield><subfield code="l">BMM</subfield><subfield code="s">SCG 821 HUG mis 2</subfield></datafield><datafield tag="966" ind1=" " ind2=" "><subfield code="a">0012658</subfield><subfield code="l">BMM</subfield><subfield code="s">SCG 821 HUG mis 3</subfield></datafield></record></collection>